@inproceedings{steger08,
  author = {Johannes Steger and Niklas Wilming and Felix Wolfsteller and Nicolas H\"{o}ning and Peter K\"{o}nig},
  booktitle = {WAPCV},
  editor = {Lucas Paletta and John K.~Tsotsos},
  interHash = {704e542c1aaef3839a566c64998ac686},
  intraHash = {c0494621b8f35d0f701a7c8bcb6847fa},
  pages = {153-165},
  publisher = {Springer},
  series = {Lecture Notes in Computer Science},
  title = {The JAMF Attention Modelling Framework.},
  url = {http://dblp.uni-trier.de/db/conf/wapcv/wapcv2008.html#StegerWWHK08},
  volume = {5395},
  year = {2008},
  ee = {http://dx.doi.org/10.1007/978-3-642-00582-4_12},
  isbn = {978-3-642-00581-7},
  date = {2009-02-24}
}

@Manual{libsvm,
  author ={Chih-Chung Chang and Chih-Jen Lin},
  title = {{LIBSVM}: a library for support vector machines},
  year = {2001},
  note = {Software available at \url{http://www.csie.ntu.edu.tw/~cjlin/libsvm}}
}

@techreport{dom,
  title = {Document Object Model (DOM) Level 3 Core Specification},
  year = {2004},
  author = {Arnaud Le Hors and Philippe Le H\'{e}garet and Lauren Wood and Gavin Nicol and Jonathan Robie and Mike Champion and Steve Byrne},
  institution = {W3C},
  type = {Recommendation}
}
@techreport{xul,
  title = {XML User Interface Language (XUL) 1.0},
  year = {2001},
  author = {Ben Goodger and Ian Hickson and David Hyatt and Chris Waterson},
  editor = {David Hyatt},
  institution = {Mozilla.org},
  type = {Recommendation}
}
@inproceedings{bootcat,
author={Marco Baroni and Silvia Bernardini},
year={2004},
title={BootCaT: Bootstrapping corpora and terms from the web},
series = {Proceedings of LREC 2004}
}
@InProceedings{spoustamarekpecina2008,
author        = {Miroslav Spousta and Michal Marek and Pavel Pecina},
title         = {Victor: the Web-Page Cleaning Tool},
booktitle     = {Proceedings of the 4th Web as Corpus Workshop ({WAC}4) --
                 Can we beat {G}oogle?},
year          = {2008},
}
@inproceedings{limomoi2001,
  author = {Shanjian Li and Katsuhiko Momoi},
  booktitle = {19th International Unicode Conference},
  title = {A composite approach to language/encoding detection},
  year = {2001}
}
@inproceedings{muellerstrube2003,
    author = {Christoph M\"{u}ller and Michael Strube},
    citeulike-article-id = {1485621},
    citeulike-linkout-0 = {http://citeseerx.ist.psu.edu/viewdoc/summary?doi=10.1.1.9.7564},
    keywords = {annotation, mmax, tool},
    posted-at = {2007-07-25 13:21:57},
    priority = {2},
    title = {Multi-level annotation in MMAX},
    booktitle = {Proc. of the 4th SIGDIAL},
    url = {http://citeseerx.ist.psu.edu/viewdoc/summary?doi=10.1.1.9.7564},
    year = {2003}
}
@Article{artsteinpoesio2008,
  author        = {Artstein, Ron and Poesio, Massimo},
  title         = {Inter-Coder Agreement for Computational Linguistics},
  journal       = {Computational Linguistics},
  year          = {2008},
  volume        = {34},
  pages         = {555-596},
  number        = {4},
  url           = {http://www.mitpressjournals.org/doi/abs/10.1162/coli.07-034-R2}
}
@comment{
@TECHREPORT{NajorkHeydon2001,
  author = {Marc Najork and Allan Heydon},
  title = {High-performance web crawling},
  institution = {SRC Research Report 173, Compaq Systems Research},
  year = {2001},
  citeseerurl = {http://citeseerx.ist.psu.edu/viewdoc/summary?doi=10.1.1.21.7568},
  url = {ftp://gatekeeper.research.compaq.com/pub/DEC/SRC/research-reports/SRC-173.ps.gz}
}

@INPROCEEDINGS{ShkapenyukSuel2002,
  author = {Vladislav Shkapenyuk and Torsten Suel},
  title = {Design and implementation of a high-performance distributed web crawler},
  booktitle = {In Proc. of the Int. Conf. on Data Engineering},
  year = {2002},
  pages = {357--368},
  citeseerurl = {http://citeseerx.ist.psu.edu/viewdoc/summary?doi=10.1.1.13.4762},
  url = {http://cis.poly.edu/~suel/papers/crawl.ps}
}
}
